@MISC{picture,
author = {},
title = {},
month = june,
year = {},
howpublished={\url{www.toppr.com%2Fguides%2Fphysics%2Felectric-charges-and-fields%2Fcoulombs-law%2F&psig=AOvVaw1l0_BAxFKjGimjdVsEPgQ0&ust=1625126065911000&source=images&cd=vfe&ved=2ahUKEwiLqKHA8L7xAhVZAysKHQxDCq8Qr4kDegUIARDUAQ}}
}
@MISC{website,
author = {},
title = {},
month = june,
year = {},
howpublished={\url{https://en.wikipedia.org/wiki/Coulomb%27s_law}}
}
