





@article{doi:10.1119/1.2000974,
author = {Drosdoff,D.  and Widom,A. },
title = {Snellâ€™s law from an elementary particle viewpoint},
journal = {American Journal of Physics},
volume = {73},
number = {10},
pages = {973-975},
year = {2005},
doi = {10.1119/1.2000974},

URL = { 
        https://doi.org/10.1119/1.2000974
    
},
eprint = { 
        https://doi.org/10.1119/1.2000974
    
}

}


